%% This BibTeX bibliography file was created using BibDesk.
%% http://bibdesk.sourceforge.net/
%% Saved with string encoding Unicode (UTF-8) 
% ----------------------------------------------------------------------- %
% Arquivo: 8-referencias.tex
% ----------------------------------------------------------------------- %

@manual{tierCPD,
  Title = {{Data Center Site Infrastructure Tier Standard: Topology}},
  Author = {{Uptime Institute Professional Services, LLC}},
  Organization = {Uptime Institute, LLC},
  Year = {2010},
  url = {http://www.gpxglobal.net/wp-content/uploads/2012/08/tierstandardtopology.pdf},
  urlaccessdate = {22 de junho de 2018}
}

@misc{netflixmigration,
  Title = {{Completing the Netflix Cloud Migration}},
  Author = {Yury Izrailevsky},
  Url = {https://media.netflix.com/en/company-blog/completing-the-netflix-cloud-migration},
  Urlaccessdate = {12 de maio 2018},
  Year = {2016}
}

@book{kavis,
  Title = {{Architecting The Cloud: Design Decisions for Cloud Computing Service Models (SaaS, PaaS and Iaas)}},
  Author = {Michael J. Kavis},
  Year = {2014},
  Publisher = {John Wiley \& Sons},
  Address = {New Jersey, Estados Unidos}
}

@manual{boaspraticas,
  Title = {{Boas práticas, orientações e vedações para contratação de Serviços de Computação em Nuvem}},
  Author = {{Departamento de Infraestrutura e Serviços de Tecnologia da Informação}},
  Year = {2016},
  Organization = {{MINISTÉRIO DO PLANEJAMENTO, ORÇAMENTO E GESTÃO}},
  Url = {https://www.governodigital.gov.br/documentos-e-arquivos/Orientacao%20servicos%20em%20nuvem.pdf},
  Urlaccessdate = {12 de maio 2018}
}

@book{tanenbaum,
  Title = {{Sistemas Distribuídos}},
  Subtitle = {{princípios e paradigmas}},
  Year = {1994},
  Author = {Andrew S. Tanenbaum and Maarten Van Steen},
  Publisher = {Pearson Education do Brasil},
  Edition = {2},
  Address = {São Paulo, Brasil}
}

@book{tanenbaum2,
  title={Sistemas operacionais modernos},
  author={Andrew S. Tanenbaum},
  isbn={9788576052371},
  year={2010},
  edition={3},
  publisher={Prentice-Hall do Brasil}
}

@book{sdn,
  Title = {{Software Defined Networks}},
  Subtitle = {A Comprehensive Approach},
  Author = {Paul GÖransson and Chuck Black},
  Year = {2014},
  Publisher = {Morgan Kaufmann},
  Address = {Waltham, Estados Unidos}
}

@conference{modellingkubernetes,
  Author = {Víctor Medel and others},
  Title = {{Modelling Performance \& Resource Management in Kubernetes}},
  Booktitle = {2016 IEEE/ACM 9th International Conference on Utility and Cloud Computing (UCC 2016)},
  Year = {2016},
  Publisher = {IEEE},
  Volume = {9},
  Url={https://books.google.com.br/books?id=gKnNAQAACAAJ},
  Urlaccessdate = {21 de maio 2018}
}

@manual{nist,
    Title = {{The NIST Definition of Cloud Computing}},
    Subtitle = {Recommendations of the National Institute of Standards and Technology},
    Author = {Peter Mell and Timothy Grance},
    Year = {2011},
    Publisher = {NIST Special Publication 800-145},
    Url = {https://nvlpubs.nist.gov/nistpubs/Legacy/SP/nistspecialpublication800-145.pdf},
    Organization = {{National Institute of Standards and Technology}}
}


@misc{cdcRNP,
    Title = {{Programa Centros de Dados Compartilhados é inaugurado em Recife (PE)}},
    Author = {{Rede Nacional de Pesquisa}},
    Year = {2014},
    Url = {https://www.rnp.br/destaques/programa-centros-dados-compartilhados-e-inaugurado-recife-pe},
    Urlaccessdate = {26 de maio de 2018}
}

@article{pdti2011,
    Title = {{Instituto Federal de Santa Catarina. Plano Diretor de Tecnologia de Informação - PDTI. 2011-2012}},
    Author = {{IFSC}},
    Year = 2011,
    Url = {http://dtic.ifsc.edu.br/files/pdti-2011-2012.pdf},
    Urlaccessdate = {22 de junho de 2018}
}

@article{pdti2013,
    Title = {{Instituto Federal de Santa Catarina. Plano Diretor de Tecnologia de Informação - PDTI. 2013}},
    Author = {{IFSC}},
    Year = 2013,
    Url = {http://dtic.ifsc.edu.br/files/pdti2013-revisao02.pdf},
    Urlaccessdate = {22 de junho de 2018}
}

@article{pdti2014,
    Title = {{Instituto Federal de Santa Catarina. Plano Diretor de Tecnologia de Informação - PDTI. 2014-2015}},
    Author = {{IFSC}},
    Year = 2014,
    Url = {http://dtic.ifsc.edu.br/files/pdti-2014-2015-1a-revisao.pdf},
    Urlaccessdate = {22 de junho de 2018}
}

@article{pdti2016,
    Title = {{Instituto Federal de Santa Catarina. Plano Diretor de Tecnologia de Informação. PDTI 2016-2017}},
    Author = {{IFSC}},
    Year = 2016,
    Url = {http://dtic.ifsc.edu.br/files/PDTI_2016_2017.pdf},
    Urlaccessdate = {22 de junho de 2018}
}

@article{pdti2017,
    Title = {{Instituto Federal de Santa Catarina. RESOLUÇÃO CONSUP Nº 12, DE 24 DE ABRIL DE 2017}},
    Subtitle = {{PLANO DIRETOR DE TECNOLOGIA DA INFORMAÇÃO 2017-2018}},
    Author = {{IFSC}},
    Year = 2017,
    Url = {http://dtic.ifsc.edu.br/files/consup_resolucao12_2017_pdti.pdf},
    Urlaccessdate = {27 de maio de 2018}
}

@article{pdti2018,
    Title = {{Instituto Federal de Santa Catarina. RESOLUÇÃO CONSUP Nº 03, DE 26 DE FEVEREIRO DE 2018}},
    Subtitle = {{Plano Diretor de Tecnologia da Informação e Comunicação}},
    Author = {{IFSC}},
    Year = 2018,
    Url = {https://goo.gl/KnmsVj},
    Urlaccessdate = {27 de maio de 2018}
}

@misc{gregol,
    author = {Gregol, Régis Eduardo Weizenmann},
    title = {{Recursos de escalabilidade e alta disponibilidade para aplicações web}},
    url = {http://repositorio.roca.utfpr.edu.br/jspui/handle/1/608},
    urlaccessdate = {30 de maio de 2018},
    year = {2011},
    organization = {Universidade Tecnológica Federal do Paraná}
}

@misc{openstackCephBlock,
    Author = {{Openstack}},
    Title = {Ceph RADOS Block Device (RBD)},
    url = {https://docs.openstack.org/juno/config-reference/content/ceph-rados.html},
    urlaccessdate = {21 de outubro de 2018},
    Year = {2014},
}

@misc{cephRadosGW,
    Author = {{Inktank Storage, Inc}},
    Title = {RADOS GATEWAY},
    url = {http://docs.ceph.com/docs/bobtail/radosgw/},
    urlaccessdate = {21 de outubro de 2018},
    Year = {2012},
}

@misc{cephArchitecture,
    Author = {{Inktank Storage, Inc}},
    Title = {ARCHITECTURE},
    url = {http://docs.ceph.com/docs/giant/architecture/},
    urlaccessdate = {21 de outubro de 2018},
    Year = {2014},
}


@misc{aboutceph,
    Author = {{Red Hat, Inc}},
    Title = {INTRO TO CEPH},
    url = {http://docs.ceph.com/docs/mimic/start/intro/},
    urlaccessdate = {21 de outubro de 2018},
    Year = {2016},
}


@misc{aboutcontainer,
    Author = {{Docker Inc}},
    Title = {What is a container},
    url = {https://www.docker.com/what-container},
    urlaccessdate = {02 de junho de 2018},
    Year = {2018}
}

@misc{aboutdocker,
    Author = {{Docker Inc}},
    Title = {About Docker},
    url = {https://www.docker.com/company},
    urlaccessdate = {03 de junho de 2018},
    Year = {2018}
}

@misc{aboutkubernetes,
    Author = {{The Kubernetes Authors}},
    Title = {What is Kubernetes?},
    url = {https://kubernetes.io/docs/concepts/overview/what-is-kubernetes/},
    urlaccessdate = {21 de outubro de 2018},
    Year = {2018},
}

@misc{minikubeCluster,
    Author = {{The Kubernetes Authors}},
    Title = {Using Minikube to Create a Cluster},
    url = {https://kubernetes.io/docs/tutorials/kubernetes-basics/create-cluster/cluster-intro/},
    urlaccessdate = {21 de outubro de 2018},
    Year = {2018},
}

@misc{redhatStorage,
    Author = {{Red Hat, Inc.}},
    Title = {File storage, block storage, or object storage?},
    url = {https://www.redhat.com/en/topics/data-storage/file-block-object-storage},
    urlaccessdate = {21 de outubro de 2018},
    Year = {2018},
}

@misc{kubernetesIngress,
    Author = {{The Kubernetes Authors}},
    Title = {Ingress},
    url = {https://kubernetes.io/docs/concepts/services-networking/ingress/},
    urlaccessdate = {21 de outubro de 2018},
    Year = {2018},
}

@misc{kubernetesStorageClass,
    Author = {{The Kubernetes Authors}},
    Title = {Storage Classes},
    url = {https://kubernetes.io/docs/concepts/storage/storage-classes/},
    urlaccessdate = {21 de outubro de 2018},
    Year = {2018},
}

@misc{kubernetesObjects,
    Author = {{The Kubernetes Authors}},
    Title = {Understanding Kubernetes Objects},
    url = {https://kubernetes.io/docs/concepts/overview/working-with-objects/kubernetes-objects/},
    urlaccessdate = {21 de outubro de 2018},
    Year = {2018},
}

@misc{kubernetesPods,
    Author = {{The Kubernetes Authors}},
    Title = {Pods},
    url = {https://kubernetes.io/docs/concepts/workloads/pods/pod/},
    urlaccessdate = {21 de outubro de 2018},
    Year = {2018},
}

@misc{kubernetesServices,
    Author = {{The Kubernetes Authors}},
    Title = {Services},
    url = {https://kubernetes.io/docs/concepts/services-networking/service/},
    urlaccessdate = {21 de outubro de 2018},
    Year = {2018},
}

@misc{kubernetesDeployments,
    Author = {{The Kubernetes Authors}},
    Title = {Using kubectl to Create a Deployment},
    url = {https://kubernetes.io/docs/tutorials/kubernetes-basics/deploy-app/deploy-intro/},
    urlaccessdate = {21 de outubro de 2018},
    Year = {2018},
}

@misc{kubernetesKubelet,
    Author = {{The Kubernetes Authors}},
    Title = {kubelet},
    url = {https://kubernetes.io/docs/reference/command-line-tools-reference/kubelet/},
    urlaccessdate = {21 de outubro de 2018},
    Year = {2018},
}

@misc{rancherOverview,
    Author = {{RANCHER LABS, INC}},
    Title = {What Rancher Adds To Kubernetes},
    url = {https://rancher.com/what-is-rancher/overview/},
    urlaccessdate = {21 de outubro de 2018},
    Year = {2018},
}

@misc{abouthelm,
    Author = {HELM},
    Title = {{Rook: Design}},
    Year = {2018},
    url = {https://rook.github.io/docs/rook/master/},
    urlaccessdate = {21 de outubro de 2018}
}

@misc{aboutrook,
    Author = {Rook},
    Title = {{The Kubernetes Helm Architecture}},
    Year = {2018},
    url = {https://docs.helm.sh/architecture/},
    urlaccessdate = {22 de outubro de 2018}
}

@article{dticpoliticas,
    Author = {{IFSC}},
    Title = {{Instituto Federal de Santa Catarina. Políticas e Diretrizes}},
    url = {http://dtic.ifsc.edu.br/politicas-diretrizes/},
    urlaccessdate = {20 de junho de 2018},
    Year = {2018}
}

@misc{seticNuvem,
    Author = {{SeTIC}},
    Organization = {{Universidade Federal de Santa Catarina}},
    Title = {{Superintendência de Governança Eletrônica e Tecnologia da Informação e Comunicação. Documento de oficialização de demanda de serviços de nuvem}},
    url = {http://setic.ufsc.br/documento-de-oficializacao-de-demanda-dod-de-servicos-de-nuvem/},
    urlaccessdate = {20 de junho de 2018},
    Year = {2018}
}

@misc{seticUFSC,
    Author = {{SeTIC}},
    Organization = {{Universidade Federal de Santa Catarina}},
    Title = {{Superintendência de Governança Eletrônica e Tecnologia da Informação e Comunicação}},
    url = {http://setic.ufsc.br},
    urlaccessdate = {20 de junho de 2018},
    Year = {2018}
}

@misc{matrizUFSC,
    Author = {{SeTIC}},
    Organization = {{Universidade Federal de Santa Catarina}},
    Title = {{Superintendência de Governança Eletrônica e Tecnologia da Informação e Comunicação. Matriz RACI}},
    url = {http://setic.ufsc.br/matriz-raci/},
    urlaccessdate = {20 de junho de 2018},
    Year = {2018}
}

@misc{sjewordpress,
    Author = {{Coordenadoria de Tecnologia da Informação e Comunicação do IFSC câmpus São José}},
    Organization = {{Instituto Federal de Santa Catarina}},
    Title = {{CTIC - IFSC São José}},
    url = {https://wordpress.sj.ifsc.edu.br/ctic-sje/},
    urlaccessdate = {20 de junho de 2018},
    Year = {2018}
}

@misc{servicemodelsimage,
    Author = {Stephen Watts},
    Organization = {BMC},
    Title = {{SaaS vs PaaS vs IaaS: What’s The Difference and How To Choose}},
    Year = {2017},
    url = {https://www.bmc.com/blogs/saas-vs-paas-vs-iaas-whats-the-difference-and-how-to-choose/},
    urlaccessdate = {23 de junho de 2018}
}

@article{tccraphael,
    Author = {Raphael Brito Reis},
    Title = {{Teste de desempenho de sistemas de arquivos distribuídos em nuvem computacional privada no IFSC câmpus São José}},
    Year = {2017},
    Publisher = {Instituto Federal de Santa Catarina},
    Address = {São José, Santa Catarina},
}

@ARTICLE{govcloud, 
    author={O. Diez and A. SIlva}, 
    journal={IEEE Technology and Society Magazine}, 
    title={Govcloud: Using Cloud Computing in Public Organizations}, 
    year={2013}, 
    volume={32}, 
    number={1}, 
    pages={66-72}, 
    doi={10.1109/MTS.2013.2241473}, 
    ISSN={0278-0097}, 
}


@INPROCEEDINGS{public2, 
    author={C. Belbergui and N. Elkamoun and R. Hilal},
    booktitle={2017 3rd International Conference of Cloud Computing Technologies and Applications (CloudTech)}, 
    title={Cloud computing: Overview and risk identification based on classification by type}, 
    year={2017}, 
    volume={}, 
    number={}, 
    pages={1-8}, 
    doi={10.1109/CloudTech.2017.8284697}, 
    ISSN={}, 
    month={Oct},
}

@INPROCEEDINGS{pooling, 
    author={T. Dillon and C. Wu and E. Chang}, 
    booktitle={2010 24th IEEE International Conference on Advanced Information Networking and Applications}, 
    title={Cloud Computing: Issues and Challenges}, 
    year={2010}, 
    volume={}, 
    number={}, 
    pages={27-33}, 
    doi={10.1109/AINA.2010.187}, 
    ISSN={1550-445X}, 
    month={April},
}

@INPROCEEDINGS{servicemodels, 
    author={B. Arinze and M. Anandarajan}, 
    booktitle={2013 16th International Symposium on Wireless Personal Multimedia Communications (WPMC)}, 
    title={Adapting cloud computing service models to subscriber requirements}, 
    year={2013}, 
    volume={}, 
    number={}, 
    pages={1-5}, 
    doi={}, 
    ISSN={1347-6890}, 
    month={June},
}

@ARTICLE{bari, 
    author={M. F. Bari and R. Boutaba and R. Esteves and L. Z. Granville and M. Podlesny and M. G. Rabbani and Q. Zhang and M. F. Zhani}, 
    journal={IEEE Communications Surveys Tutorials}, 
    title={Data Center Network Virtualization: A Survey}, 
    year={2013}, 
    volume={15}, 
    number={2}, 
    pages={909-928}, 
    doi={10.1109/SURV.2012.090512.00043}, 
    ISSN={1553-877X}, 
    month={Second},
}

@INPROCEEDINGS{tay, 
    author={Y. C. Tay and K. Gaurav and P. Karkun}, 
    booktitle={2017 IEEE 37th International Conference on Distributed Computing Systems Workshops (ICDCSW)}, 
    title={A Performance Comparison of Containers and Virtual Machines in Workload Migration Context}, 
    year={2017}, 
    volume={}, 
    number={}, 
    pages={61-66}, 
    doi={10.1109/ICDCSW.2017.44}, 
    month={June},
}

@article{pearce,
    author = {Pearce, Michael and Zeadally, Sherali and Hunt, Ray},
    title = {Virtualization: Issues, Security Threats, and Solutions},
    journal = {ACM Comput. Surv.},
    issue_date = {February 2013},
    volume = {45},
    number = {2},
    month = mar,
    year = {2013},
    issn = {0360-0300},
    pages = {17:1--17:39},
    articleno = {17},
    numpages = {39},
    url = {http://doi.acm.org/10.1145/2431211.2431216},
    doi = {10.1145/2431211.2431216},
    acmid = {2431216},
    publisher = {ACM},
    address = {New York, NY, USA},
    keywords = {Encryption, threat, virtual machine, virtual machine monitor, virtualization},
} 

@article{filipi,
	author = {Fillipi Suszek e Ricardo Czekster e Thais Webber e César Marcon e Rodrigo Nedel},
	title = {Considerações para implementação de ferramentas multiplataforma para monitramento de sistemas virtualizados},
	journal = {Tecno-Lógica},
	volume = {20},
	number = {1},
	year = {2015},
	issn = {1982-6753},
	pages = {62--71},
	doi = {10.17058/tecnolog.v20i1.6569},
	url = {https://online.unisc.br/seer/index.php/tecnologica/article/view/6569}
}

@INPROCEEDINGS{walters, 
    author={J. P. Walters and V. Chaudhary and M. Cha and S. G. Jr. and S. Gallo}, 
    booktitle={22nd International Conference on Advanced Information Networking and Applications (aina 2008)}, 
    title={A Comparison of Virtualization Technologies for HPC}, 
    year={2008}, 
    volume={}, 
    number={}, 
    pages={861-868}, 
    doi={10.1109/AINA.2008.45}, 
    ISSN={1550-445X}, 
    month={March},
}

@article{grosmann,
  title={Estudo comparativo sobre o uso do VMware e Xen Server na virtualiza{\c{c}}{\~a}o de Servidores},
  author={Grosmann, Diego and de Sousa, Nathan Franklin Saraiva and Diniz, F{\'a}bio Abrantes and da Silva, Thiago Reis},
  journal={ERCEMAPI. Dispon{\'\i}vel em:< http://www. die. ufpi. br/ercemapi2011/artigos/ST3\_17. pdf>. Acesso em},
  volume={1},
  number={08},
  pages={2013},
  year={2011}
}

@INPROCEEDINGS{barzu, 
    author={A. P. Barzu and M. Carabas and N. Tapus}, 
    booktitle={2017 21st International Conference on Control Systems and Computer Science (CSCS)}, 
    title={Scalability of a Web Server: How Does Vertical Scalability Improve the Performance of a Server?}, 
    year={2017}, 
    volume={}, 
    number={}, 
    pages={115-122}, 
    doi={10.1109/CSCS.2017.22}, 
    ISSN={}, 
    month={May}
}

@INPROCEEDINGS{containersXvms, 
    author={A. M. Joy}, 
    booktitle={2015 International Conference on Advances in Computer Engineering and Applications}, 
    title={Performance comparison between Linux containers and virtual machines}, 
    year={2015}, 
    volume={}, 
    number={}, 
    pages={342-346}, 
    doi={10.1109/ICACEA.2015.7164727}, 
    ISSN={}, 
    month={March},
}

@INPROCEEDINGS{containers&docker, 
    author={S. Singh and N. Singh}, 
    booktitle={2016 2nd International Conference on Applied and Theoretical Computing and Communication Technology (iCATccT)}, 
    title={Containers Docker: Emerging roles future of Cloud technology}, 
    year={2016}, 
    volume={}, 
    number={}, 
    pages={804-807}, 
    doi={10.1109/ICATCCT.2016.7912109}, 
    ISSN={}, 
    month={July},
}

@ARTICLE{paascontainer, 
    author={C. Pahl}, 
    journal={IEEE Cloud Computing}, 
    title={Containerization and the PaaS Cloud}, 
    year={2015}, 
    volume={2}, 
    number={3}, 
    pages={24-31}, 
    doi={10.1109/MCC.2015.51}, 
    ISSN={2325-6095}, 
    month={May},
}

@article{sbrc,
	author = {Hylson Vescovi Netto e Caio Pereira Oliveira e Aldelir Fernando Luiz e Lau Cheuk Lung e Luciana de Oliveira Rech e José Roque Betiol Júnior},
	title = {Coordenação de Containers no Kubernetes: Uma Abordagem Baseada em Serviço},
	journal = {Simpósio Brasileiro de Redes de Computadores (SBRC)},
	volume = {35},
	number = {1/2017},
	year = {2017},
	keywords = {},
	url = {http://portaldeconteudo.sbc.org.br/index.php/sbrc/article/view/2634}
}

@INPROCEEDINGS{cluster&grid, 
    author={N. Sadashiv and S. M. D. Kumar}, 
    booktitle={2011 6th International Conference on Computer Science Education (ICCSE)}, 
    title={Cluster, grid and cloud computing: A detailed comparison}, 
    year={2011}, 
    volume={}, 
    number={}, 
    pages={477-482}, 
    doi={10.1109/ICCSE.2011.6028683}, 
    ISSN={}, 
    month={Aug},
}

@INPROCEEDINGS{authdfs, 
    author={M. C. Neto and R. S. Lobato and A. Manacero and R. Spolon and M. A. Cavenaghi}, 
    booktitle={2017 12th Iberian Conference on Information Systems and Technologies (CISTI)}, 
    title={Authentication and availability in a flexible and adaptable distributed file system}, 
    year={2017}, 
    pages={1-6}, 
    doi={10.23919/CISTI.2017.7975857}, 
    ISSN={}, 
    month={June},
}

@ARTICLE{containerOrchestration, 
    author={A. Khan}, 
    journal={IEEE Cloud Computing}, 
    title={Key Characteristics of a Container Orchestration Platform to Enable a Modern Application}, 
    year={2017}, 
    volume={4}, 
    number={5}, 
    pages={42-48}, 
    doi={10.1109/MCC.2017.4250933}, 
    ISSN={2325-6095}, 
}

@INPROCEEDINGS{cephFailures, 
    author={S. Meyer and J. P. Morrison}, 
    booktitle={2015 17th International Symposium on Symbolic and Numeric Algorithms for Scientific Computing (SYNASC)}, 
    title={Supporting Heterogeneous Pools in a Single Ceph Storage Cluster}, 
    year={2015}, 
    volume={}, 
    number={}, 
    pages={352-359}, 
    doi={10.1109/SYNASC.2015.61}, 
    month={Setembro de},
}

@INPROCEEDINGS{cephPerformance, 
    author={D. Gudu and M. Hardt and A. Streit}, 
    booktitle={2014 IEEE International Conference on Big Data (Big Data)}, 
    title={Evaluating the performance and scalability of the Ceph distributed storage system}, 
    year={2014}, 
    pages={177-182}, 
    doi={10.1109/BigData.2014.7004229}, 
    month={Outubro de},
}

@misc{image,
    author = {Simon Steinberger},
    title = {Mountaineer, Forward},
    year = {2017},
    month = {Fevereiro de},
    url = {https://pixabay.com/en/mountaineer-forward-blizzard-stormy-2080138/},
    urlaccessdate={04 de novembro de 2018}
}

@misc{igovti,
    author = {{Tribunal de Contas da União}},
    title = {Painel iGovTI},
    year = {2016},
    url = {https://painel3.tcu.gov.br},
    urlaccessdate={17 de novembro de 2018}
}

@misc{github-sj,
    author = {{CTIC - IFSC câmpus São José}},
    title = {Repositórios},
    year = {2018},
    url = {https://github.com/ctic-sje-ifsc},
    urlaccessdate={17 de novembro de 2018}
}

@misc{github-sj-servicos,
    author = {{CTIC - IFSC câmpus São José}},
    title = {Nuvem Privada com Kubernetes},
    year = {2018},
    url = {https://github.com/ctic-sje-ifsc/servicos_kubernetes},
    urlaccessdate={03 de dezembro de 2018}
}

@misc{trello-sj,
    author = {{CTIC-SJE-IFSC}},
    title = {CTIC-SJE-IFSC},
    year = {2018},
    url = {https://trello.com/b/uVXdjTxX/ctic-sje-ifsc},
    urlaccessdate={17 de novembro de 2018}
}

@article{portaria315,
    author = {{Associação Brasileira de Mantenedoras de Ensino Superior}},
    title = {PORTARIA Nº 315, DE 4 DE ABRIL DE 2018},
    url = {https://abmes.org.br/arquivos/legislacoes/Port-MEC-315-2018-04-04.pdf},
    urlaccessdate={17 de novembro de 2018},
    year = {2018}
}

@article{mello-helios,
    author = {Shirlei Aparecida de Chaves and Emerson Ribeiro de Mello},
    title = {O uso de um sistema de votação on-line para escolha do conselho universitario},
    url = {http://dtic.ifsc.edu.br/files/chaves-sbseg14.pdf},
    urlaccessdate = {17 de novembro de 2018},
    year = {2014}
}

@ARTICLE{googledatacenter, 
    author={L. A. Barroso and J. Dean and U. Holzle}, 
    journal={IEEE Micro}, 
    title={Web search for a planet: The Google cluster architecture}, 
    year={2003}, 
    volume={23}, 
    number={2}, 
    pages={22-28},
    url = {https://ieeexplore.ieee.org/document/1196112},
    urlaccessdate = {18 de novembro de 2018}
}

@ARTICLE{facebookdatacenter, 
    author={N. Farrington and A. Andreyev}, 
    booktitle={2013 Optical Interconnects Conference}, 
    title={Facebook's data center network architecture}, 
    year={2013}, 
    pages={49-50}, 
    url = {http://nathanfarrington.com/papers/facebook-oic13.pdf},
    urlaccessdate = {18 de novembro de 2018}
}

@misc{googleslides,
    author = {Joe Beda},
    title = {Containers at Scale},
    subtitle = {At Google, the Google Cloud Platform and Beyond},
    year = {2014},
    url = {https://speakerdeck.com/jbeda/containers-at-scale},
    urlaccessdate = {18 de novembro de 2018}
}

@misc{facebookcontaineres,
    author = {Victor Coisne},
    title = {DOCKERCON VIDEO: CONTAINERIZED DEPLOYMENT AT FACEBOOK},
    url = {https://blog.docker.com/2014/07/dockercon-video-containerized-deployment-at-facebook/},
    urlaccessdate = {18 de novembro de 2018},
    year = {2014}
}

@inproceedings{googleborg,
    title={Large-scale cluster management at Google with Borg},
    author={Verma, Abhishek and Pedrosa, Luis and Korupolu, Madhukar and Oppenheimer, David and Tune, Eric and Wilkes, John},
    booktitle={Proceedings of the Tenth European Conference on Computer Systems},
    pages={18},
    year={2015},
    organization={ACM},
}

@misc{godaddyeks,
    author = {Edward Abrams},
    title = {GoDaddy and Amazon EKS},
    year = {2018},
    url = {https://godaddy.github.io/2018/06/28/amazon-eks/},
    urlaccessdate = {18 de novembro de 2018}
}

@misc{cernk8s,
    author = {Ricardo Rocha and Clenimar Souza},
    title = {CERN experiences with Multi Cloud, Federated Kubernetes},
    year = {2018},
    url = {https://www.openstack.org/videos/vancouver-2018/cern-experiences-with-multi-cloud-federated-kubernetes},
    urlaccessdate = {19 de novembro de 2018}
}

@misc{amazonobject,
    author = {{Microsoft Azure}},
    title = {Blob Storage},
    url = {https://azure.microsoft.com/en-us/services/storage/blobs/},
    urlaccessdate = {24 de novembro de 2018},
    year = {2018}
}

@misc{azureobject,
    author = {AWS},
    title = {What is Cloud Object Storage?},
    url = {https://aws.amazon.com/what-is-cloud-object-storage/},
    urlaccessdate = {24 de novembro de 2018},
    year = {2018}
}

@misc{cephdocumentation,
    author = {{Red Hat, Inc.}},
    title = {Ceph Documentation},
    url = {http://docs.ceph.com/docs/master/},
    urlaccessdate = {24 de novembro de 2018},
    year = {2016}
}

@misc{rookdocumentation,
    author = {Rook},
    title = {Rook Documentation},
    url = {https://rook.github.io/docs/rook/master/},
    urlaccessdate = {24 de novembro de 2018},
    year = {2018}
}

@misc{rookincubator,
    author = {Jared Watts},
    title = {TOC Votes to Move Rook into CNCF Incubator},
    url = {https://www.cncf.io/blog/2018/09/25/toc-votes-to-move-rook/},
    urlaccessdate = {24 de novembro de 2018},
    year = {2018}
}

@misc{ciscohyperconvergence,
    author = {Cisco},
    title = {What Is Hyperconverged Infrastructure?},
    url = {https://www.cisco.com/c/en/us/solutions/data-center-virtualization/what-is-hyperconverged-infrastructure.html},
    urlaccessdate = {24 de novembro de 2018},
    year = {2018}
}

@misc{vmwarehyperconvergence,
    author = {VMware},
    title = {Infraestrutura hiperconvergente (HCI)},
    url = {https://www.vmware.com/br/products/hyper-converged-infrastructure.html},
    urlaccessdate = {24 de novembro de 2018},
    year = {2018}
}

@misc{netappconvergence,
    author = {NetApp},
    title = {What Is Converged Infrastructure (CI)?},
    url = {https://www.netapp.com/us/info/what-is-converged-infrastructure.aspx},
    urlaccessdate = {24 de novembro de 2018},
    year = {2018}
}

@misc{serproestaleiro,
    author = {Leornardo BarÇante},
    title = {Estaleiro: a Nuvem do Serpro},
    url = {http://www.serpro.gov.br/tema/edicao-238/estaleiro-a-nuvem-do-serpro},
    urlaccessdate = {24 de novembro de 2018},
    year = {2018}
}

@misc{cephbackup,
    author = {Bartłomiej ŚwiĘcki},
    title = {How to backup Ceph at scale},
    url = {https://archive.fosdem.org/2018/schedule/event/backup_ceph_at_scale/},
    urlaccessdate = {24 de novembro de 2018},
    year = {2018}
}

@misc{cephusers,
    author = {{Red Hat, Inc.}},
    title = {Users},
    url = {https://ceph.com/users/},
    urlaccessdate = {24 de novembro de 2018},
    year = {2017}
}

@misc{rookhistory,
    author = {Jared Watts},
    title = {Rook v0.6: One Year of Open Source},
    url = {https://blog.rook.io/rook-v0-6-one-year-of-open-source-4f5d6a5bdf49},
    urlaccessdate = {24 de novembro de 2018},
    year = {2017}
}

@misc{openstackContainer,
    author = {Jaesuk Ahn and Christian Berendt and Anne Bertucio and Pete Birley and Chris Hoge and Lingxian Kong and Hongbin Lu and Daniel Mellado and Allison Price and David Rabel and Sangho Shin and Davanum Srinivas and Luis Tomás and Sam Yaple and Mikhail Fedosin and Flavio Percoco},
    title = {Leveraging Containers and OpenStack},
    subtitle = {A Comprehensive Review},
    url = {https://www.openstack.org/containers/leveraging-containers-and-openstack/},
    urlaccessdate = {03 de dezembro de 2018},
    year = {2018}
}

@misc{ingressTCPUDP,
    title = {Support for TCP/UDP Load Balancing},
    author = {Michael Pleshakov},
    url = {https://github.com/nginxinc/kubernetes-ingress/tree/master/examples/tcp-udp},
    urlaccessdate = {03 de dezembro de 2018},
    year = {2018}
}

@misc{coreosoperators,
    title = {Operators},
    author =  {CoreOS},
    url = {https://coreos.com/operators/},
    urlaccessdate = {04 de dezembro de 2018},
    year = {2018}
}