@misc{aboutcontainer,
    Author = {{Docker Inc}},
    Title = {What is a container},
    url = {https://www.docker.com/what-container},
    urlaccessdate = {02 de junho de 2018},
    Year = {2018}
}

@ARTICLE{paascontainer, 
    author={C. Pahl}, 
    journal={IEEE Cloud Computing}, 
    title={Containerization and the PaaS Cloud}, 
    year={2015}, 
    volume={2}, 
    number={3}, 
    pages={24-31}, 
    doi={10.1109/MCC.2015.51}, 
    ISSN={2325-6095}, 
    month={May},
}

@ARTICLE{containerOrchestration, 
    author={A. Khan}, 
    journal={IEEE Cloud Computing}, 
    title={Key Characteristics of a Container Orchestration Platform to Enable a Modern Application}, 
    year={2017}, 
    volume={4}, 
    number={5}, 
    pages={42-48}, 
    doi={10.1109/MCC.2017.4250933}, 
    ISSN={2325-6095}, 
}

@misc{vmwarehyperconvergence,
    author = {VMware},
    title = {Infraestrutura hiperconvergente (HCI)},
    url = {https://www.vmware.com/br/products/hyper-converged-infrastructure.html},
    urlaccessdate = {24 de novembro de 2018},
    year = {2018}
}

@misc{ciscohyperconvergence,
    author = {Cisco},
    title = {What Is Hyperconverged Infrastructure?},
    url = {https://www.cisco.com/c/en/us/solutions/data-center-virtualization/what-is-hyperconverged-infrastructure.html},
    urlaccessdate = {24 de novembro de 2018},
    year = {2018}
}

@misc{netappconvergence,
    author = {NetApp},
    title = {What Is Converged Infrastructure (CI)?},
    url = {https://www.netapp.com/us/info/what-is-converged-infrastructure.aspx},
    urlaccessdate = {24 de novembro de 2018},
    year = {2018}
}

@misc{cephdocumentation,
    author = {{Red Hat, Inc.}},
    title = {Ceph Documentation},
    url = {http://docs.ceph.com/docs/master/},
    urlaccessdate = {24 de novembro de 2018},
    year = {2016}
}